<record><leader>00000cas a2200000 i 4500</leader><controlfield tag="001">933764857</controlfield><controlfield tag="006">m     o  d        </controlfield><controlfield tag="007">cr |||||||||||</controlfield><controlfield tag="008">160106d18781976msuwr neo     0   a0eng  </controlfield><datafield ind1=" " ind2=" " tag="010"><subfield code="a">  2015270767</subfield></datafield><datafield ind1=" " ind2=" " tag="040"><subfield code="a">DLC</subfield><subfield code="b">eng</subfield><subfield code="e">rda</subfield><subfield code="c">DLC</subfield><subfield code="d">OCLCF</subfield></datafield><datafield ind1="0" ind2=" " tag="022"><subfield code="a">2470-2595</subfield><subfield code="2">1</subfield></datafield><datafield ind1=" " ind2=" " tag="042"><subfield code="a">pcc</subfield><subfield code="a">nsdp</subfield></datafield><datafield ind1=" " ind2=" " tag="043"><subfield code="a">n-us-ms</subfield></datafield><datafield ind1="1" ind2="0" tag="050"><subfield code="a">ISSN RECORD</subfield></datafield><datafield ind1="1" ind2="0" tag="082"><subfield code="a">071</subfield><subfield code="2">23</subfield></datafield><datafield ind1="0" ind2=" " tag="130"><subfield code="a">Yazoo City herald (Yazoo City, Miss. : 1878)</subfield></datafield><datafield ind1=" " ind2="0" tag="222"><subfield code="a">Yazoo City herald (Yazoo City, Miss. 1878. Online)</subfield></datafield><datafield ind1="1" ind2="0" tag="245"><subfield code="a">Yazoo City herald.</subfield></datafield><datafield ind1=" " ind2="1" tag="264"><subfield code="a">Yazoo City, Mississippi :</subfield><subfield code="b">Roach &amp; McGuire</subfield></datafield><datafield ind1=" " ind2=" " tag="300"><subfield code="a">1 online resource</subfield></datafield><datafield ind1=" " ind2=" " tag="310"><subfield code="a">Weekly</subfield></datafield><datafield ind1=" " ind2=" " tag="336"><subfield code="a">text</subfield><subfield code="b">txt</subfield><subfield code="2">rdacontent</subfield></datafield><datafield ind1=" " ind2=" " tag="337"><subfield code="a">computer</subfield><subfield code="b">c</subfield><subfield code="2">rdamedia</subfield></datafield><datafield ind1=" " ind2=" " tag="338"><subfield code="a">online resource</subfield><subfield code="b">cr</subfield><subfield code="2">rdacarrier</subfield></datafield><datafield ind1="1" ind2=" " tag="362"><subfield code="a">Began with vol. 5, no. 33 (February 15, 1878); ceased with vol. 103, no. 86 (March 11, 1976).</subfield></datafield><datafield ind1=" " ind2=" " tag="500"><subfield code="a">Publisher: James P. Clarke, &lt;February 15, 1878&gt;; N. A. Mott, &lt;December 25, 1914&gt;.</subfield></datafield><datafield ind1=" " ind2=" " tag="530"><subfield code="a">Also issued on microfilm.</subfield></datafield><datafield ind1=" " ind2=" " tag="588"><subfield code="a">Description based on: Vol. 14, no. 33 (February 25, 1887); title from masthead (Chroniclingamerica.loc.gov, viewed January 6, 2016).</subfield></datafield><datafield ind1=" " ind2=" " tag="588"><subfield code="a">Latest issue consulted: Volume 43, number 24 (December 25, 1914) (Chroniclingamerica.loc.gov, viewed January 6, 2016).</subfield></datafield><datafield ind1=" " ind2="0" tag="651"><subfield code="a">Yazoo City (Miss.)</subfield><subfield code="v">Newspapers.</subfield></datafield><datafield ind1=" " ind2="7" tag="655"><subfield code="a">Newspapers.</subfield><subfield code="2">fast</subfield><subfield code="0">(OCoLC)fst01423814</subfield></datafield><datafield ind1=" " ind2="7" tag="651"><subfield code="a">Mississippi</subfield><subfield code="z">Yazoo City.</subfield><subfield code="2">fast</subfield><subfield code="0">(OCoLC)fst01226271</subfield></datafield><datafield ind1=" " ind2=" " tag="752"><subfield code="a">United States</subfield><subfield code="b">Mississippi</subfield><subfield code="c">Yazoo</subfield><subfield code="d">Yazoo City.</subfield></datafield><datafield ind1="0" ind2="8" tag="776"><subfield code="i">Originally issued in print:</subfield><subfield code="t">Yazoo City herald (Yazoo City, Miss. : 1878)</subfield><subfield code="x">2470-2587</subfield><subfield code="w">(DLC)sn 87065709</subfield><subfield code="w">(OCoLC)16836575</subfield></datafield><datafield ind1="0" ind2="0" tag="780"><subfield code="t">Yazoo herald-Democrat</subfield></datafield><datafield ind1="0" ind2="5" tag="780"><subfield code="t">Yazoo sentinel (Yazoo City, Miss. : 1946)</subfield></datafield><datafield ind1="0" ind2="0" tag="785"><subfield code="t">Yazoo daily herald</subfield></datafield><datafield ind1="4" ind2="0" tag="856"><subfield code="u">http://www.loc.gov/chroniclingamerica/lccn/sn87065709/issues</subfield></datafield></record>